<?xml version="1.0" encoding="UTF-8"?>
<record xmlns="http://www.loc.gov/MARC21/slim" xmlns:xsi="http://www.w3.org/2001/XMLSchema-instance" xsi:schemaLocation="http://www.loc.gov/MARC21/slim http://www.loc.gov/standards/marcxml/schema/MARC21slim.xsd">
<leader>00000cam a22      a 4500</leader>
<controlfield tag="001">001683022</controlfield>
<controlfield tag="003">NNU</controlfield>
<controlfield tag="005">20160122165543.0</controlfield>
<controlfield tag="008">920324s1896    ua            000 0 ara</controlfield>
<datafield tag="010" ind1=" " ind2=" ">
<subfield code="a">   59049546</subfield>
</datafield>
<datafield tag="035" ind1=" " ind2=" ">
<subfield code="a">(OCoLC)25522606</subfield>
</datafield>
<datafield tag="040" ind1=" " ind2=" ">
<subfield code="a">DLC</subfield>
<subfield code="b">eng</subfield>
<subfield code="c">MBB</subfield>
<subfield code="d">MBB</subfield>
<subfield code="d">OCLCQ</subfield>
<subfield code="d">OCLCG</subfield>
<subfield code="d">CUY</subfield>
<subfield code="d">OCLCA</subfield>
<subfield code="d">OCLCF</subfield>
<subfield code="d">OCLCQ</subfield>
<subfield code="d">OCLCO</subfield>
<subfield code="d">NNU</subfield>
</datafield>
<datafield tag="043" ind1=" " ind2=" ">
<subfield code="a">f-ua---</subfield>
</datafield>
<datafield tag="050" ind1=" " ind2="4">
<subfield code="a">DT96</subfield>
<subfield code="b">.25 1896</subfield>
</datafield>
<datafield tag="100" ind1="1" ind2=" ">
<subfield code="6">880-01</subfield>
<subfield code="a">Sakhāwī, Muḥammad ibn ʻAbd al-Raḥmān,</subfield>
<subfield code="d">1427 or 1428-1497.</subfield>
</datafield>
<datafield tag="240" ind1="1" ind2="0">
<subfield code="6">880-02</subfield>
<subfield code="a">Ṭibr al-masbūk fī dhayl al-sulūk.</subfield>
</datafield>
<datafield tag="245" ind1="1" ind2="0">
<subfield code="6">880-03</subfield>
<subfield code="a">Kitāb al-tibr al-masbūk fī dhayl al-sulūk /</subfield>
<subfield code="c">taʼlīf al-Sakhāwī ; manqūlā ʻan naskhah fī mujallad bi-qalam ʻādá bi-khiṭṭa al-Shayk Muḥammad ibn Aḥmad ibn Muḥammad ibn Aḥmad al-Shalabī al-Ḥanafī ; wa-taṣḥīḥahu Aḥmad Zakị.</subfield>
</datafield>
<datafield tag="246" ind1="3" ind2=" ">
<subfield code="6">880-04</subfield>
<subfield code="a">Ṭibr al-masbūk fī dhayl al-sulūk</subfield>
</datafield>
<datafield tag="260" ind1=" " ind2=" ">
<subfield code="6">880-05</subfield>
<subfield code="a">Būlāq, Miṣr :</subfield>
<subfield code="b">al-Maḅuʻat al-Mairīyah,</subfield>
<subfield code="c">1896.</subfield>
</datafield>
<datafield tag="300" ind1=" " ind2=" ">
<subfield code="a">432 pages ;</subfield>
<subfield code="c">25 cm</subfield>
</datafield>
<datafield tag="336" ind1=" " ind2=" ">
<subfield code="a">text</subfield>
<subfield code="b">txt</subfield>
<subfield code="2">rdacontent</subfield>
</datafield>
<datafield tag="337" ind1=" " ind2=" ">
<subfield code="a">unmediated</subfield>
<subfield code="b">n</subfield>
<subfield code="2">rdamedia</subfield>
</datafield>
<datafield tag="338" ind1=" " ind2=" ">
<subfield code="a">volume</subfield>
<subfield code="b">nc</subfield>
<subfield code="2">rdacarrier</subfield>
</datafield>
<datafield tag="500" ind1=" " ind2=" ">
<subfield code="a">A continuation of al-Maqrīzī's al-Sulūk li-maʻrifat duwal al-mulūk. It covers the years 845-857 A.H.</subfield>
</datafield>
<datafield tag="651" ind1=" " ind2="0">
<subfield code="a">Egypt</subfield>
<subfield code="x">History</subfield>
<subfield code="y">1250-1517.</subfield>
</datafield>
<datafield tag="651" ind1=" " ind2="7">
<subfield code="a">Egypt.</subfield>
<subfield code="2">fast</subfield>
<subfield code="0">(OCoLC)fst01208755</subfield>
</datafield>
<datafield tag="648" ind1=" " ind2="7">
<subfield code="a">1250 - 1517.</subfield>
<subfield code="2">fast</subfield>
</datafield>
<datafield tag="655" ind1=" " ind2="7">
<subfield code="a">History.</subfield>
<subfield code="2">fast</subfield>
<subfield code="0">(OCoLC)fst01411628</subfield>
</datafield>
<datafield tag="700" ind1="0" ind2=" ">
<subfield code="6">880-06</subfield>
<subfield code="a">Aḥmad Zakī,</subfield>
<subfield code="d">approximately 1866-1934.</subfield>
</datafield>
<datafield tag="700" ind1="1" ind2=" ">
<subfield code="6">880-07</subfield>
<subfield code="a">Maqrīzī, Aḥmad ibn ʻAlī,</subfield>
<subfield code="d">1364-1442.</subfield>
<subfield code="t">Sulūk li-maʻrifat duwal al-mulūk.</subfield>
</datafield>
<datafield tag="880" ind1="1" ind2=" ">
<subfield code="6">100-01/</subfield>
<subfield code="a">‏سخادي، محمد بن عبد الرحمن،</subfield>
<subfield code="d">1427 or 1428-1497.</subfield>
</datafield>
<datafield tag="880" ind1="1" ind2="0">
<subfield code="6">240-02/</subfield>
<subfield code="a">‏تبر المسبوك في ذيل السلوك</subfield>
</datafield>
<datafield tag="880" ind1="1" ind2="0">
<subfield code="6">245-03/</subfield>
<subfield code="a">‏كتاب التبر المسبوك في ذيل السلوك /‏</subfield>
<subfield code="c">‏تأليف السخاوي ؛ منقولا عن نسخة في مجلد بقلم عادى بخط الشيخ محمد بن أحمد بن محمد بن أحمد الشلبي الحنفي ؛ وتصحيحه أحمد زكي.</subfield>
</datafield>
<datafield tag="880" ind1="3" ind2=" ">
<subfield code="6">246-04/</subfield>
<subfield code="a">طبر المسبوك في ذيل السلوك</subfield>
</datafield>
<datafield tag="880" ind1=" " ind2=" ">
<subfield code="6">260-05/</subfield>
<subfield code="a">‏بولاق، مصر :‏</subfield>
<subfield code="b">‏المطبعة الاميرية،‏</subfield>
<subfield code="c">‏١٨٩٦.</subfield>
</datafield>
<datafield tag="880" ind1="0" ind2=" ">
<subfield code="6">700-06/</subfield>
<subfield code="a">‏أحمد زكي.</subfield>
</datafield>
<datafield tag="880" ind1="1" ind2=" ">
<subfield code="6">700-07/</subfield>
<subfield code="a">‏مقريزي، أحمد بن علي.‏.</subfield>
<subfield code="t">‏شلوك لمعرفة دول الملوك.</subfield>
</datafield>
<datafield tag="OWN" ind1=" " ind2=" ">
<subfield code="a">GENERAL</subfield>
</datafield>
<datafield tag="AVA" ind1=" " ind2=" ">
<subfield code="a">NYU50</subfield>
<subfield code="b">BOBST</subfield>
<subfield code="c">Main Collection</subfield>
<subfield code="d">DT96 .S25 1897</subfield>
<subfield code="e">unavailable</subfield>
<subfield code="t">Unavailable</subfield>
<subfield code="f">1</subfield>
<subfield code="g">1</subfield>
<subfield code="h">N</subfield>
<subfield code="i">0</subfield>
<subfield code="j">MAIN</subfield>
<subfield code="k">0</subfield>
</datafield>
</record>
